{
  "leader": "03580cam a2200433 a 4500",
  "fields": [
    {
      "001": "ocm00051375\\"
    },
    {
      "003": "OCoLC"
    },
    {
      "005": "20220106160453.0"
    },
    {
      "008": "700109s1969\\\\\\\\nyuac\\\\\\\\\\\\\\\\\\001\\0\\eng\\\\"
    },
    {
      "010": {
        "ind1": "\\",
        "ind2": "\\",
        "subfields": [
          {
            "a": "   73088356 "
          }
        ]
      }
    },
    {
      "040": {
        "ind1": "\\",
        "ind2": "\\",
        "subfields": [
          {
            "a": "DLC"
          },
          {
            "b": "eng"
          },
          {
            "c": "DLC"
          },
          {
            "d": "BAKER"
          },
          {
            "d": "HDM"
          },
          {
            "d": "ZWQ"
          },
          {
            "d": "HNW"
          },
          {
            "d": "NIALS"
          },
          {
            "d": "GEBAY"
          },
          {
            "d": "UKMGB"
          },
          {
            "d": "OCLCO"
          },
          {
            "d": "OCLCF"
          },
          {
            "d": "OCLCQ"
          },
          {
            "d": "OCLCO"
          },
          {
            "d": "EZU"
          },
          {
            "d": "TRZ"
          },
          {
            "d": "HDC"
          },
          {
            "d": "EOS"
          },
          {
            "d": "DEBBG"
          },
          {
            "d": "OCLCO"
          },
          {
            "d": "NTE"
          },
          {
            "d": "FC@"
          },
          {
            "d": "COF"
          },
          {
            "d": "OCLCO"
          },
          {
            "d": "OCLCQ"
          },
          {
            "d": "CSJ"
          },
          {
            "d": "JTH"
          },
          {
            "d": "OCLCQ"
          },
          {
            "d": "ERR"
          },
          {
            "d": "CPO"
          },
          {
            "d": "OCLCQ"
          },
          {
            "d": "MTU"
          },
          {
            "d": "NZ1"
          },
          {
            "d": "OCLCA"
          },
          {
            "d": "TUU"
          }
        ]
      }
    },
    {
      "016": {
        "ind1": "7",
        "ind2": "\\",
        "subfields": [
          {
            "a": "BA03806590"
          },
          {
            "2": "JP-ToKJK"
          }
        ]
      }
    },
    {
      "016": {
        "ind1": "7",
        "ind2": "\\",
        "subfields": [
          {
            "a": "001740793"
          },
          {
            "2": "Uk"
          }
        ]
      }
    },
    {
      "019": {
        "ind1": "\\",
        "ind2": "\\",
        "subfields": [
          {
            "a": "852537854"
          }
        ]
      }
    },
    {
      "020": {
        "ind1": "\\",
        "ind2": "\\",
        "subfields": [
          {
            "a": "0688050131"
          }
        ]
      }
    },
    {
      "020": {
        "ind1": "\\",
        "ind2": "\\",
        "subfields": [
          {
            "a": "9780688050139"
          }
        ]
      }
    },
    {
      "035": {
        "ind1": "\\",
        "ind2": "\\",
        "subfields": [
          {
            "a": "(OCoLC)51375"
          },
          {
            "z": "(OCoLC)852537854"
          }
        ]
      }
    },
    {
      "037": {
        "ind1": "\\",
        "ind2": "\\",
        "subfields": [
          {
            "c": "10.95"
          }
        ]
      }
    },
    {
      "050": {
        "ind1": "0",
        "ind2": "0",
        "subfields": [
          {
            "a": "E184.J3"
          },
          {
            "b": "H6 1969"
          }
        ]
      }
    },
    {
      "080": {
        "ind1": "0",
        "ind2": "\\",
        "subfields": [
          {
            "a": "E184.J3 H6"
          }
        ]
      }
    },
    {
      "082": {
        "ind1": "0",
        "ind2": "0",
        "subfields": [
          {
            "a": "301.45352073"
          },
          {
            "b": "HOS"
          }
        ]
      }
    },
    {
      "100": {
        "ind1": "1",
        "ind2": "\\",
        "subfields": [
          {
            "a": "Hosokawa, Bill."
          }
        ]
      }
    },
    {
      "245": {
        "ind1": "1",
        "ind2": "0",
        "subfields": [
          {
            "a": "Nisei :"
          },
          {
            "b": "the quiet Americans /"
          },
          {
            "c": "by Bill Hosokawa."
          }
        ]
      }
    },
    {
      "260": {
        "ind1": "\\",
        "ind2": "\\",
        "subfields": [
          {
            "a": "New York :"
          },
          {
            "b": "William Morrow,"
          },
          {
            "c": "1969."
          }
        ]
      }
    },
    {
      "300": {
        "ind1": "\\",
        "ind2": "\\",
        "subfields": [
          {
            "a": "xvii, 522 pages :"
          },
          {
            "b": "illustrations, portraits ;"
          },
          {
            "c": "25 cm"
          }
        ]
      }
    },
    {
      "336": {
        "ind1": "\\",
        "ind2": "\\",
        "subfields": [
          {
            "a": "text"
          },
          {
            "b": "txt"
          },
          {
            "2": "rdacontent"
          }
        ]
      }
    },
    {
      "337": {
        "ind1": "\\",
        "ind2": "\\",
        "subfields": [
          {
            "a": "unmediated"
          },
          {
            "b": "n"
          },
          {
            "2": "rdamedia"
          }
        ]
      }
    },
    {
      "338": {
        "ind1": "\\",
        "ind2": "\\",
        "subfields": [
          {
            "a": "volume"
          },
          {
            "b": "nc"
          },
          {
            "2": "rdacarrier"
          }
        ]
      }
    },
    {
      "500": {
        "ind1": "\\",
        "ind2": "\\",
        "subfields": [
          {
            "a": "Includes index."
          }
        ]
      }
    },
    {
      "505": {
        "ind1": "0",
        "ind2": "\\",
        "subfields": [
          {
            "a": "Pt. 1: the early years -- The origins -- Meeting of two nations -- The first Issei -- The vanguard arrives -- The sign of the dollar -- Work for willing hands -- Neither white nor African -- No land, no immigration -- Wretches, rascals and churches -- The miniature giants -- The Nisei arrive -- The search for identity -- The birth of JACL -- The long hot summer of 1941 -- Pt. 2: the years of travail -- December 7, 1941 -- The unhappy days -- The rising cry -- A faulty diagnosis -- The exodus -- Behind barbed wire -- A time of bitterness, valor and confusion -- The dedicated JACL-ers -- Proof in blood -- Two angry Irishmen -- Pt. 3: the years of fulfillment -- Justice in the courts -- Hawaii, the chance that was ours -- When opportunity knocked."
          }
        ]
      }
    },
    {
      "520": {
        "ind1": "\\",
        "ind2": "\\",
        "subfields": [
          {
            "a": "Hailed at the time of its publication in 1969, Bill Hosokawa's Nisei remains an inspiring account of the original Japanese immigrants and their role in the development of the West. Hosokawa recounts the ordeals faced by the immigrant generation and their American-born offspring, the Nisei; the ill-advised government decisions that led to their uprooting during World War II; how they withstood harsh camp life; and their courageous efforts to prove their loyalty to the United States. As Hosokawa additionally demonstrates, since World War II, Japanese Americans have achieved exceptional social, economic, and political progress. Their efforts led to apologies by four U.S. presidents for wartime injustices and redress through the landmark Civil Liberties Act of 1988. Brought up-to-date in this newly revised edition, Nisei details the transformation of these \"quiet Americans\" from despised security risks to respected citizens."
          }
        ]
      }
    },
    {
      "650": {
        "ind1": "\\",
        "ind2": "0",
        "subfields": [
          {
            "a": "Japanese Americans"
          },
          {
            "x": "History."
          }
        ]
      }
    },
    {
      "650": {
        "ind1": "\\",
        "ind2": "7",
        "subfields": [
          {
            "a": "Japanese Americans."
          },
          {
            "2": "fast"
          },
          {
            "0": "(OCoLC)fst00981441"
          }
        ]
      }
    },
    {
      "655": {
        "ind1": "\\",
        "ind2": "7",
        "subfields": [
          {
            "a": "History."
          },
          {
            "2": "fast"
          },
          {
            "0": "(OCoLC)fst01411628"
          }
        ]
      }
    },
    {
      "776": {
        "ind1": "0",
        "ind2": "8",
        "subfields": [
          {
            "i": "Online version:"
          },
          {
            "a": "Hosokawa, Bill."
          },
          {
            "t": "Nisei: the quiet Americans."
          },
          {
            "d": "New York, W. Morrow, 1969"
          },
          {
            "w": "(OCoLC)558428408"
          }
        ]
      }
    },
    {
      "856": {
        "ind1": "4",
        "ind2": "\\",
        "subfields": [
          {
            "u": "https://claremont.aeon.atlas-sys.com/aeon/aeon.dll?Action=10&Form=20&Value=GenericRequestMonograph&DocumentType=book&Site=HONSPCL&ReferenceNumber=b10746316&Location=HONSPCL&ItemNumber=&CallNumber=E184J3H6&ItemVolume=&ItemAuthor=HosokawaBill&ItemTitle=NISEITHEQUIETAMERICANS&ItemDate=&ItemCitation=N.Y.MORROW1969.522P.ILLUS.PORTS&SubLocation="
          },
          {
            "z": "Request HON SPCL item"
          }
        ]
      }
    },
    {
      "994": {
        "ind1": "\\",
        "ind2": "\\",
        "subfields": [
          {
            "a": "Z0"
          },
          {
            "b": "NYRVC"
          }
        ]
      }
    },
    {
      "948": {
        "ind1": "\\",
        "ind2": "\\",
        "subfields": [
          {
            "h": "NO HOLDINGS IN NYRVC - 1450 OTHER HOLDINGS"
          }
        ]
      }
    },
    {
      "999": {
        "ind1": "\\",
        "ind2": "\\",
        "subfields": [
          {
            "a": "00000000014699"
          }
        ]
      }
    }
  ]
}